<?xml version="1.0" encoding="UTF-8"?>
  <record xmlns="http://www.loc.gov/MARC21/slim" type="Authority">
    <leader>00000nz  a2200000nc 4500</leader>
    <controlfield tag="001">001259016</controlfield>
    <controlfield tag="003">DE-101</controlfield>
    <controlfield tag="005">20220509135255.0</controlfield>
    <controlfield tag="008">890418n||aznnnaabn           | ana    |c</controlfield>
    <datafield tag="024" ind1="7" ind2=" ">
      <subfield code="a">125901-5</subfield>
      <subfield code="0">http://d-nb.info/gnd/125901-5</subfield>
      <subfield code="2">gnd</subfield>
    </datafield>
    <datafield tag="024" ind1="7" ind2=" ">
      <subfield code="a">3097367</subfield>
      <subfield code="2">geonames</subfield>
    </datafield>
    <datafield tag="034" ind1=" " ind2=" ">
      <subfield code="d">E 016 11 36</subfield>
      <subfield code="e">E 016 11 36</subfield>
      <subfield code="f">N 051 03 04</subfield>
      <subfield code="g">N 051 03 04</subfield>
      <subfield code="2">geonames</subfield>
      <subfield code="0">https://sws.geonames.org/3097367</subfield>
      <subfield code="9">A:agx</subfield>
    </datafield>
    <datafield tag="034" ind1=" " ind2=" ">
      <subfield code="d">E016.193333</subfield>
      <subfield code="e">E016.193333</subfield>
      <subfield code="f">N051.051111</subfield>
      <subfield code="g">N051.051111</subfield>
      <subfield code="2">geonames</subfield>
      <subfield code="0">https://sws.geonames.org/3097367</subfield>
      <subfield code="9">A:dgx</subfield>
    </datafield>
    <datafield tag="035" ind1=" " ind2=" ">
      <subfield code="a">(DE-101)001259016</subfield>
    </datafield>
    <datafield tag="035" ind1=" " ind2=" ">
      <subfield code="a">(DE-588)125901-5</subfield>
    </datafield>
    <datafield tag="035" ind1=" " ind2=" ">
      <subfield code="z">(DE-588b)125901-5</subfield>
      <subfield code="9">v:zg</subfield>
    </datafield>
    <datafield tag="040" ind1=" " ind2=" ">
      <subfield code="a">DE-1</subfield>
      <subfield code="c">DE-1</subfield>
      <subfield code="9">r:DE-1</subfield>
      <subfield code="b">ger</subfield>
      <subfield code="d">1140</subfield>
      <subfield code="e">rda</subfield>
    </datafield>
    <datafield tag="042" ind1=" " ind2=" ">
      <subfield code="a">gnd1</subfield>
    </datafield>
    <datafield tag="043" ind1=" " ind2=" ">
      <subfield code="c">XA-DXDE</subfield>
      <subfield code="c">XA-PL</subfield>
    </datafield>
    <datafield tag="075" ind1=" " ind2=" ">
      <subfield code="b">g</subfield>
      <subfield code="2">gndgen</subfield>
    </datafield>
    <datafield tag="075" ind1=" " ind2=" ">
      <subfield code="b">gik</subfield>
      <subfield code="2">gndspec</subfield>
    </datafield>
    <datafield tag="079" ind1=" " ind2=" ">
      <subfield code="a">g</subfield>
      <subfield code="q">f</subfield>
      <subfield code="u">z</subfield>
      <subfield code="u">o</subfield>
      <subfield code="u">v</subfield>
    </datafield>
    <datafield tag="151" ind1=" " ind2=" ">
      <subfield code="a">Jauer</subfield>
    </datafield>
    <datafield tag="548" ind1=" " ind2=" ">
      <subfield code="a">-1945</subfield>
      <subfield code="4">datb</subfield>
      <subfield code="4">https://d-nb.info/standards/elementset/gnd#dateOfTermination</subfield>
      <subfield code="w">r</subfield>
      <subfield code="i">Zeitraum</subfield>
    </datafield>
    <datafield tag="551" ind1=" " ind2=" ">
      <subfield code="0">(DE-101)042423759</subfield>
      <subfield code="0">(DE-588)4242375-2</subfield>
      <subfield code="0">https://d-nb.info/gnd/4242375-2</subfield>
      <subfield code="a">Jawor</subfield>
      <subfield code="4">nach</subfield>
      <subfield code="4">https://d-nb.info/standards/elementset/gnd#succeedingPlaceOrGeographicName</subfield>
      <subfield code="w">r</subfield>
      <subfield code="i">Nachfolger</subfield>
    </datafield>
    <datafield tag="670" ind1=" " ind2=" ">
      <subfield code="a">B Wissen</subfield>
      <subfield code="b">unter Jawor</subfield>
    </datafield>
    <datafield tag="670" ind1=" " ind2=" ">
      <subfield code="a">M</subfield>
    </datafield>
    <datafield tag="670" ind1=" " ind2=" ">
      <subfield code="a">GeoNames</subfield>
    </datafield>
    <datafield tag="678" ind1=" " ind2=" ">
      <subfield code="b">Kreisstadt in der Woiwodschaft Niederschlesien, vor 1242 neben Burg und Dorf Jawor angelegt, 1275 urkundl. erwähnt; bis 1750 auch Jawor und seit 1945</subfield>
    </datafield>
    <datafield tag="913" ind1=" " ind2=" ">
      <subfield code="S">gkd</subfield>
      <subfield code="i">a</subfield>
      <subfield code="a">Jauer</subfield>
      <subfield code="0">(DE-588b)125901-5</subfield>
    </datafield>
  </record>
